<record><leader>00000cas a22000007a 4500</leader><controlfield tag="001">27730818</controlfield><controlfield tag="008">930315d1872187unyuwr ne      0    0eng d</controlfield><datafield ind1=" " ind2=" " tag="010"><subfield code="a">sn 93062868 </subfield></datafield><datafield ind1=" " ind2=" " tag="040"><subfield code="a">YOX</subfield><subfield code="b">eng</subfield><subfield code="c">YOX</subfield><subfield code="d">MGN</subfield><subfield code="d">OCL</subfield><subfield code="d">OCLCQ</subfield><subfield code="d">KRTAS</subfield><subfield code="d">OCLCQ</subfield><subfield code="d">OCLCF</subfield><subfield code="d">OCLCO</subfield></datafield><datafield ind1=" " ind2=" " tag="042"><subfield code="a">msc</subfield></datafield><datafield ind1=" " ind2=" " tag="043"><subfield code="a">n-us-ny</subfield></datafield><datafield ind1="0" ind2="0" tag="245"><subfield code="a">Church &amp; state, Protestant churchman.</subfield></datafield><datafield ind1="3" ind2="0" tag="246"><subfield code="a">Church and state, Protestant churchman</subfield></datafield><datafield ind1="3" ind2="0" tag="246"><subfield code="a">Church &amp; state, Protestant churchman, Christian witness</subfield></datafield><datafield ind1="3" ind2="0" tag="246"><subfield code="a">Church &amp; state</subfield></datafield><datafield ind1=" " ind2=" " tag="260"><subfield code="a">New York [N.Y.] :</subfield><subfield code="b">Charles F. Roper</subfield></datafield><datafield ind1=" " ind2=" " tag="300"><subfield code="a">v.</subfield></datafield><datafield ind1=" " ind2=" " tag="310"><subfield code="a">Weekly</subfield></datafield><datafield ind1="0" ind2=" " tag="362"><subfield code="a">Vol. 6, no. 1 (Jan. 3, 1872)-</subfield></datafield><datafield ind1=" " ind2=" " tag="500"><subfield code="a">Editor: John Cotton Smith.</subfield></datafield><datafield ind1=" " ind2=" " tag="500"><subfield code="a">Published as: Church &amp; state, Protestant churchman, Christian witness, Feb. 7-Nov. 13, 1872; Church &amp; state, Nov. 20, 1872-&lt;Apr. 23, 1874&gt;.</subfield></datafield><datafield ind1=" " ind2=" " tag="500"><subfield code="a">Published simultaneously at Boston, Feb. 7, 1872-&lt;Apr. 23, 1874&gt;.</subfield></datafield><datafield ind1=" " ind2="0" tag="650"><subfield code="a">Protestants</subfield><subfield code="z">New York (State)</subfield><subfield code="z">New York</subfield><subfield code="v">Newspapers.</subfield></datafield><datafield ind1=" " ind2="7" tag="655"><subfield code="a">Newspapers.</subfield><subfield code="2">fast</subfield><subfield code="0">(OCoLC)fst01423814</subfield></datafield><datafield ind1=" " ind2="7" tag="650"><subfield code="a">Protestants.</subfield><subfield code="2">fast</subfield><subfield code="0">(OCoLC)fst01079934</subfield></datafield><datafield ind1=" " ind2="7" tag="651"><subfield code="a">New York (State)</subfield><subfield code="z">New York.</subfield><subfield code="2">fast</subfield><subfield code="0">(OCoLC)fst01204333</subfield></datafield><datafield ind1=" " ind2=" " tag="752"><subfield code="a">United States</subfield><subfield code="b">New York</subfield><subfield code="c">New York</subfield><subfield code="d">New York.</subfield></datafield><datafield ind1=" " ind2=" " tag="752"><subfield code="a">United States</subfield><subfield code="b">Massachusetts</subfield><subfield code="c">Suffolk</subfield><subfield code="d">Boston.</subfield></datafield><datafield ind1="0" ind2="0" tag="780"><subfield code="t">Protestant churchman (New York, N.Y.)</subfield><subfield code="w">(DLC)sn 93062867</subfield></datafield><datafield ind1="0" ind2="5" tag="780"><subfield code="t">Church &amp; state</subfield></datafield><datafield ind1="0" ind2="5" tag="780"><subfield code="t">Christian witness &amp; church advocate</subfield><subfield code="w">(DLC)sn 94051439</subfield></datafield><datafield ind1=" " ind2=" " tag="938"><subfield code="a">Kirtas Technologies, Inc.</subfield><subfield code="b">KRTS</subfield><subfield code="n">740587</subfield></datafield></record>